<?xml version="1.0" encoding="UTF-8"?><collection><record><leader>06674ntm a2200625 a 4500</leader><controlfield tag="001">006813440</controlfield><controlfield tag="003">MiAaHDL</controlfield><controlfield tag="005">20190719000000.0</controlfield><controlfield tag="006">m        d        </controlfield><controlfield tag="007">cr bn ---auaua</controlfield><controlfield tag="008">090605q16401699xx            00| ||ara d</controlfield><datafield tag="035" ind1=" " ind2=" "><subfield code="a">(MiU)006813440</subfield></datafield><datafield tag="035" ind1=" " ind2=" "><subfield code="a">sdr-miu006813440</subfield></datafield><datafield tag="040" ind1=" " ind2=" "><subfield code="a">MiU</subfield><subfield code="c">MiU</subfield><subfield code="e">amremm</subfield></datafield><datafield tag="043" ind1=" " ind2=" "><subfield code="a">n-us-mi</subfield></datafield><datafield tag="100" ind1="0" ind2=" "><subfield code="6">880-01</subfield><subfield code="a">Suyūṭī,</subfield><subfield code="d">1445-1505.</subfield></datafield><datafield tag="240" ind1="1" ind2="0"><subfield code="6">880-02</subfield><subfield code="a">Nukat ʻalá al-Alfīyah wa-al-Kāfiyah wa-al-Shāfiyah wa-al-Shudhūr wa-al-Nuzhah</subfield></datafield><datafield tag="245" ind1="1" ind2="3"><subfield code="6">880-03</subfield><subfield code="a">al-Nukat,</subfield><subfield code="f">[17th century?].</subfield></datafield><datafield tag="246" ind1="3" ind2="8"><subfield code="6">880-04</subfield><subfield code="a">Nukat</subfield></datafield><datafield tag="260" ind1=" " ind2=" "><subfield code="c">[1640-1699?].</subfield></datafield><datafield tag="300" ind1=" " ind2=" "><subfield code="a">204 leaves :</subfield><subfield code="b">paper ;</subfield><subfield code="c">238 x 168 (119 x 110) mm. bound to 248 x 178 mm.</subfield></datafield><datafield tag="500" ind1=" " ind2=" "><subfield code="a">Origin: Date of transcription is not specified. Paper suggests mid to late 17th century.</subfield></datafield><datafield tag="500" ind1=" " ind2=" "><subfield code="a">Accompanying materials: a. Inventory cataloguing slip in hand of Winifred Smeaton Thomas. -- b. Acquisitions slip from Yahuda.</subfield></datafield><datafield tag="500" ind1=" " ind2=" "><subfield code="a">Former shelfmark: From inner front cover and spine label, "IL 398" (likely supplied by Yahuda, see acquisitions slip).</subfield></datafield><datafield tag="500" ind1=" " ind2=" "><subfield code="a">Shelfmark: Ann Arbor, University of Michigan, Special Collections Library, Isl. Ms. 618</subfield></datafield><datafield tag="500" ind1=" " ind2=" "><subfield code="a">Binding: Pasteboards covered in black cloth with black leather over spine (quarter binding) ; Western binding ; board linings and flyleaves in a green wove paper ; spine gold-stamped with title and author ; spine ridges (four) gold-stamped with pattern of dashes, flanked by gold bands ; original sewing difficult to discern, at some point sewn in white thread, but later oversewn ; endbands entirely lacking (may be holes where primaries were stitched) ; in fair condition, with some abrasion to cover ; text block is in poor shape with much pest damage, accretions, and many poor repairs utilizing adhesives that resulted in some blocking ; some scraps with writing used in repairs.</subfield></datafield><datafield tag="500" ind1=" " ind2=" "><subfield code="a">Support: European laid paper of several types, primarily with roughly 9 laid lines per cm (mainly vertical but occasionally horizontal), chain lines running horizontally 28-29 mm. apart (mainly horizontal but occasionally vertical), and several different watermarks only barely visible in the gutter, among them what appears to be an eagle in circle (p.54, 394 etc.) and six mounts (p.48, 72, 390 etc.) cf. Velkov Aigle no.1/1A dated 1657, as well as what may be a Paschal lamb (see p.270, 282, 300, 320, 354, etc.) ; lightly burnished ; fairly thick ; some undissolved fibers and inclusions.</subfield></datafield><datafield tag="500" ind1=" " ind2=" "><subfield code="a">Decoration: Textual dividers in the form of red discs appear occasionally ; text rubricated with key words, section headings, overlining, some vocalization, etc. in red.</subfield></datafield><datafield tag="500" ind1=" " ind2=" "><subfield code="a">Script: Maghribī ; one main hand ; serifed with notable right-sloping head serif on free standing alif, etc. ; characteristic alif of prolongation, curved shafts, etc. ; occasional characteristic Maghribī vocalization in contrasting color (black or red).</subfield></datafield><datafield tag="500" ind1=" " ind2=" "><subfield code="a">Layout: Written in 27 lines per page ; frame-ruled with impression of ruling board clearly evident.</subfield></datafield><datafield tag="500" ind1=" " ind2=" "><subfield code="a">Collation: i, V+1 (11), 19 V (201), I+1 (204), i ; chiefly quinions ; a few unmarked gaps in the text (see p.28, 32, 336) where headings, etc. may have been left unfilled ; catchwords present, though occasionally obscured by pest damage or repairs ; pagination in pencil Western numerals, supplied during cataloguing.</subfield></datafield><datafield tag="500" ind1=" " ind2=" "><subfield code="a">Colophon: "Scribal [?]", rectangular, reads: "كمل الكتاب بحمد الله وحسن عونه وصلى الله على سيدنا ومولانا محمد وعلى اله وصحبه وسلم تسليما والحمد لله رب العالمين"</subfield></datafield><datafield tag="500" ind1=" " ind2=" "><subfield code="a">Explicit: "يعز على من رام الا على ... ومفيدا محررا من الناس ويسمح به احد قلبي ... الحمد ثم صلاته وتسليمه الوافي على خاتم الرسل كمل الكتاب ... "</subfield></datafield><datafield tag="500" ind1=" " ind2=" "><subfield code="a">Incipit: "قال الشيخ الامام العالم العلامة خاتمة الحفاظ والمحققين جلال الدين عبد الرحمن السيوطي الشافعي ... اما بعد حمدا لله على نعمه الكافية والصلاة والسلام على سيدنا محمد ... فهذه نكت حررتها على كتب في علم العربية عم النفع بها وكثر تداولها وهي الخلاصة لابن مالك والمشهورة بالالفية والكافية لابن الحاجب والشافية له وشذور الذهب لابن هاشم ونزهة الطرف في علم الصرف له اذكر ما يرد على العبارات مع جوابه ان كان ... واتبع فيه ترتيب الالفية في المسائل [؟] والابواب ... الكلام وما يتالف منه"</subfield></datafield><datafield tag="500" ind1=" " ind2=" "><subfield code="a">Title from inscription on fol.1a (p.1).</subfield></datafield><datafield tag="500" ind1=" " ind2=" "><subfield code="a">Ms. codex.</subfield></datafield><datafield tag="510" ind1="4" ind2=" "><subfield code="a">Velkov, Asparouh. Les filigranes dans les documents ottomans: divers types d’images (Sofia: Éditions "Texte - A. Trayanov", 2005),</subfield><subfield code="c">p.62</subfield></datafield><datafield tag="510" ind1="4" ind2=" "><subfield code="a">Ḥajjī Khalīfah. Kashf al-ẓunūn,</subfield><subfield code="c">2, 1977</subfield></datafield><datafield tag="510" ind1="4" ind2=" "><subfield code="a">Brockelmann, C. GAL,</subfield><subfield code="c">II, 155, no. 248</subfield></datafield><datafield tag="520" ind1="8" ind2=" "><subfield code="a">Fine Maghribī copy of the well-known grammatical work.</subfield></datafield><datafield tag="538" ind1=" " ind2=" "><subfield code="a">Mode of access: Internet.</subfield></datafield><datafield tag="541" ind1=" " ind2=" "><subfield code="a">Acquired in 1926 from the bookseller Isaac Benjamin S.E. Yahuda via purchase transacted on his behalf by Abraham Shalom Yahuda (1877-1951), his younger brother.</subfield></datafield><datafield tag="546" ind1=" " ind2=" "><subfield code="a">Arabic.</subfield></datafield><datafield tag="561" ind1=" " ind2=" "><subfield code="a">Numerous notabilia marked "قف" ; many marginal corrections marked "صح", or "اصل" (use of variant), or "ب" (cacographic errors), etc. ; glosses marked with "ط" ; "yā kabīkaj" invocation in variant form "kaykataj" inscribed on fol.2a (p.3), reads: "يا كيكتج يا كيكتج".</subfield></datafield><datafield tag="600" ind1="1" ind2="0"><subfield code="a">Ibn Hishām, ʻAbd Allāh ibn Yūsuf,</subfield><subfield code="d">1309-1360.</subfield><subfield code="t">Shudhūr al-dhahab.</subfield></datafield><datafield tag="600" ind1="1" ind2="0"><subfield code="a">Ibn Hishām, ʻAbd Allāh ibn Yūsuf,</subfield><subfield code="d">1309-1360.</subfield><subfield code="t">Nuzhat al-ṭarf fī ʻilm al-ṣarf.</subfield></datafield><datafield tag="600" ind1="1" ind2="0"><subfield code="a">Ibn al-Ḥājib, ʻUthmān ibn ʻUmar,</subfield><subfield code="d">1175-1249.</subfield><subfield code="t">Shāfiyah.</subfield></datafield><datafield tag="600" ind1="1" ind2="0"><subfield code="a">Ibn al-Ḥājib, ʻUthmān ibn ʻUmar,</subfield><subfield code="d">1175-1249.</subfield><subfield code="t">Kāfiyah.</subfield></datafield><datafield tag="600" ind1="1" ind2="0"><subfield code="a">Ibn Mālik, Muḥammad ibn ʻAbd Allāh,</subfield><subfield code="d">-1274.</subfield><subfield code="t">Alfīyah.</subfield></datafield><datafield tag="650" ind1=" " ind2="0"><subfield code="a">Manuscripts, Arabic</subfield><subfield code="z">Michigan</subfield><subfield code="z">Ann Arbor.</subfield></datafield><datafield tag="650" ind1=" " ind2="0"><subfield code="a">Arabic language</subfield><subfield code="x">Grammar</subfield><subfield code="v">Early works to 1800.</subfield></datafield><datafield tag="650" ind1=" " ind2="0"><subfield code="a">Arabic language</subfield><subfield code="x">Morphology</subfield><subfield code="v">Early works to 1800.</subfield></datafield><datafield tag="650" ind1=" " ind2="0"><subfield code="a">Arabic language</subfield><subfield code="x">Syntax</subfield><subfield code="v">Early works to 1800.</subfield></datafield><datafield tag="773" ind1="0" ind2=" "><subfield code="a">Yahuda Collection.</subfield></datafield><datafield tag="880" ind1="3" ind2="8"><subfield code="6">246-04/</subfield><subfield code="a">نكت</subfield></datafield><datafield tag="880" ind1="1" ind2="2"><subfield code="6">245-03/</subfield><subfield code="a">النكت,</subfield><subfield code="f">[القرن 17م؟].</subfield></datafield><datafield tag="880" ind1="1" ind2="0"><subfield code="6">240-02/</subfield><subfield code="a">نكت على الالفية والكافية والشافية والشذور والنزهة</subfield></datafield><datafield tag="880" ind1="0" ind2=" "><subfield code="6">100-01/</subfield><subfield code="a">سيوطي.</subfield></datafield><datafield tag="CID" ind1=" " ind2=" "><subfield code="a">006813440</subfield></datafield><datafield tag="DAT" ind1="0" ind2=" "><subfield code="a">20190719102638.0</subfield><subfield code="b">20190719000000.0</subfield></datafield><datafield tag="DAT" ind1="1" ind2=" "><subfield code="a">20190719090653.0</subfield><subfield code="b">2019-07-19T16:12:08Z</subfield></datafield><datafield tag="DAT" ind1="2" ind2=" "><subfield code="a">2015-10-02T18:00:03Z</subfield></datafield><datafield tag="CAT" ind1=" " ind2=" "><subfield code="a">SDR-MIU</subfield><subfield code="d">EX LIBRIS - ALEPH</subfield><subfield code="l">prepare.pl-004-008</subfield></datafield><datafield tag="FMT" ind1=" " ind2=" "><subfield code="a">BK</subfield></datafield><datafield tag="HOL" ind1=" " ind2=" "><subfield code="0">sdr-miu006813440</subfield><subfield code="a">MiU</subfield><subfield code="b">SDR</subfield><subfield code="c">MIU</subfield><subfield code="p">mdp.39015079128321</subfield><subfield code="s">MIU</subfield><subfield code="1">006813440</subfield></datafield><datafield tag="974" ind1=" " ind2=" "><subfield code="b">MIU</subfield><subfield code="c">MIU</subfield><subfield code="d">20190719</subfield><subfield code="s">lit-dlps-dc</subfield><subfield code="u">mdp.39015079128321</subfield><subfield code="y">1699</subfield><subfield code="r">pd</subfield><subfield code="q">bib</subfield><subfield code="t">non-US bib date2 &lt; 1879</subfield></datafield></record></collection>